<?xml version="1.0" encoding="utf-8"?>
<record xmlns="http://www.loc.gov/MARC21/slim" xmlns:xsi="http://www.w3.org/2001/XMLSchema-instance" xsi:schemaLocation="http://www.loc.gov/MARC21/slim http://www.loc.gov/standards/marcxml/schema/MARC21slim.xsd">
	<leader>     nam a22     Mi 4500</leader>
	<controlfield tag="001">b13194197</controlfield>
	<controlfield tag="003">UaCaAUL</controlfield>
	<controlfield tag="006">m        d        </controlfield>
	<controlfield tag="007">cr cn |||m|||a</controlfield>
	<controlfield tag="008">180411s1914    ua      o     000 0 ara d</controlfield>
	<datafield ind1=" " ind2=" " tag="040">
		<subfield code="a">ZYU</subfield>
		<subfield code="b">eng</subfield>
		<subfield code="e">rda</subfield>
		<subfield code="c">ZYU</subfield>
	</datafield>
	<datafield ind1=" " ind2="4" tag="050">
		<subfield code="a">D505</subfield>
		<subfield code="b">.G712 1914</subfield>
	</datafield>
	<datafield ind1=" " ind2=" " tag="090">
		<subfield code="a">D505</subfield>
		<subfield code="b">.G712 1914</subfield>
	</datafield>
	<datafield ind1="0" ind2="3" tag="245">
		<subfield code="6">880-01</subfield>
		<subfield code="a">al-Ḥarb bayna Birīṭānyā al-ʻUẓmá wa-Turkiyā, aw, al-Kitāb al-abyaḍ al-inklīzī :</subfield>
		<subfield code="b">wa huwa yataḍamman al-murāsalāt al-rasmīyah al-Birīṭānīyah wa-al-ʻUthmānīyah qabla wuqūʻ al-ḥarb bayna al-ḥulafāʼ wa-Turkiyā wa-qad ʻuriḍat alá al-bārlamant al-Birīṭānī fi shahr Nūfimbir sanat 1914.</subfield>
	</datafield>
	<datafield ind1=" " ind2="1" tag="264">
		<subfield code="6">880-02</subfield>
		<subfield code="a">[Cairo] :</subfield>
		<subfield code="b">Maṭbaʻat al-Muqaṭṭam,</subfield>
		<subfield code="c">1914.</subfield>
	</datafield>
	<datafield ind1=" " ind2=" " tag="300">
		<subfield code="a">online resource (129 pages)</subfield>
	</datafield>
	<datafield ind1=" " ind2=" " tag="336">
		<subfield code="a">text</subfield>
		<subfield code="2">rdacontent</subfield>
	</datafield>
	<datafield ind1=" " ind2=" " tag="337">
		<subfield code="a">computer</subfield>
		<subfield code="2">rdamedia</subfield>
	</datafield>
	<datafield ind1=" " ind2=" " tag="338">
		<subfield code="a">online resource</subfield>
		<subfield code="2">rdacarrier</subfield>
	</datafield>
	<datafield ind1=" " ind2=" " tag="500">
		<subfield code="6">880-03</subfield>
		<subfield code="a">Turjima fī Idārat al-Muqaṭṭam wa-ṭubiʻ fī Maṭbaʻatihi, Dīsimbir sanat 1914.</subfield>
	</datafield>
	<datafield ind1=" " ind2=" " tag="500">
		<subfield code="a">Part of the Arabic Collections Online (ACO) project, contributed by American University in Cairo Library.</subfield>
	</datafield>
	<datafield ind1=" " ind2=" " tag="533">
		<subfield code="a">Electronic reproduction.</subfield>
		<subfield code="b">New York, N.Y. :</subfield>
		<subfield code="c">New York University,</subfield>
		<subfield code="d">2018.</subfield>
		<subfield code="5">NNU</subfield>
	</datafield>
	<datafield ind1=" " ind2="0" tag="650">
		<subfield code="a">World War, 1914-1918</subfield>
		<subfield code="v">Sources.</subfield>
	</datafield>
	<datafield ind1="2" ind2=" " tag="710">
		<subfield code="a">American University in Cairo.</subfield>
		<subfield code="b">Library.</subfield>
	</datafield>
	<datafield ind1="0" ind2=" " tag="730">
		<subfield code="a">Arabic Collections Online.</subfield>
	</datafield>
	<datafield ind1="0" ind2="8" tag="776">
		<subfield code="i">Print version:</subfield>
		<subfield code="t">al-Ḥarb bayna Birīṭānyā al-ʻUẓmá wa-Turkiyā, aw, al-Kitāb al-abyaḍ al-inklīzī</subfield>
		<subfield code="w">(UaCaAUL)b13194197</subfield>
	</datafield>
	<datafield ind1="4" ind2="0" tag="856">
		<subfield code="u">http://hdl.handle.net/2333.1/z612jswj</subfield>
	</datafield>
	<datafield ind1="0" ind2="2" tag="880">
		<subfield code="6">245-01</subfield>
		<subfield code="a">الحرب بين بريطانيا العظمى وتركيا أو الكتاب الأبيض الإنكليزي :‪</subfield>
		<subfield code="b">وهو يتضمن المراسلات الرسمية البريطانية والعثمانية قبل وقوع الحرب بين الحلفاء وتركيا وقد عرضت على البارلمنت البريطاني في شهر نوفمبر سنة 1914.</subfield>
	</datafield>
	<datafield ind1=" " ind2="1" tag="880">
		<subfield code="6">264-02</subfield>
		<subfield code="a">[القاهرة] :</subfield>
		<subfield code="b">مطبعة المقطم،</subfield>
		<subfield code="c">1914.</subfield>
	</datafield>
	<datafield ind1=" " ind2=" " tag="880">
		<subfield code="6">500-03</subfield>
		<subfield code="a">ترجم في ادارة المقطم وطبع في مطبعته، ديسمبر سنة 1914.</subfield>
	</datafield>
	<datafield ind1=" " ind2=" " tag="902">
		<subfield code="a">170713</subfield>
	</datafield>
	<datafield ind1=" " ind2=" " tag="959">
		<subfield code="a">NNU</subfield>
		<subfield code="b">WEB</subfield>
		<subfield code="c">GENI</subfield>
		<subfield code="t">0</subfield>
		<subfield code="m">Electronic access</subfield>
		<subfield code="s">01</subfield>
	</datafield>
	<datafield ind1=" " ind2=" " tag="999">
		<subfield code="i">UaCaAUL_b13194197</subfield>
		<subfield code="s">auc_aco000218</subfield>
		<subfield code="s">auc_aco000218</subfield>
	</datafield>
</record>
